<?xml version="1.0" encoding="UTF-8"?><collection xmlns="http://www.loc.gov/MARC21/slim"><record><leader>00587nam--2200181-i-4500</leader><controlfield tag="001">000030062</controlfield><controlfield tag="002">20161230</controlfield><controlfield tag="005">20161230201038</controlfield><controlfield tag="008">060222s1000------------r-----000-0-fre-d</controlfield><datafield ind1=" " ind2=" " tag="040"><subfield code="a">IFIN-HH</subfield></datafield><datafield ind1=" " ind2=" " tag="041"><subfield code="a">fre</subfield></datafield><datafield ind1=" " ind2=" " tag="080"><subfield code="a">539.12.162.8(043)</subfield></datafield><datafield ind1="1" ind2=" " tag="100"><subfield code="a">Lamidey, Gilles</subfield></datafield><datafield ind1="1" ind2="0" tag="245"><subfield code="a">Etude de la production vers l`avant de mesons vectoriels en association avec un baryon dans les interaction de mesons pseudo-scalaires avec un nucleon a 3 gev/c</subfield><subfield code="b">These</subfield><subfield code="c">Giles lamidey</subfield></datafield><datafield ind1=" " ind2=" " tag="260"><subfield code="a">Orsay</subfield><subfield code="b">Universite</subfield><subfield code="c">1971</subfield></datafield><datafield ind1=" " ind2=" " tag="300"><subfield code="a">160P</subfield></datafield><datafield ind1=" " ind2=" " tag="852"><subfield code="a">78134</subfield><subfield code="c">539.12</subfield></datafield><datafield ind1=" " ind2=" " tag="CAT"><subfield code="a">Sys</subfield><subfield code="c">20120120</subfield><subfield code="h">131626</subfield></datafield></record></collection>